<record><leader>00000cas a2200000 a 4500</leader><controlfield tag="001">32146872</controlfield><controlfield tag="007">hd bfu---baat</controlfield><controlfield tag="007">hd afu---bact</controlfield><controlfield tag="008">950314d1873189unbuwr nea     0    0eng d</controlfield><datafield ind1=" " ind2=" " tag="010"><subfield code="a">sn 95069267 </subfield></datafield><datafield ind1=" " ind2=" " tag="040"><subfield code="a">NVG</subfield><subfield code="b">eng</subfield><subfield code="c">NVG</subfield><subfield code="d">OCL</subfield><subfield code="d">OCLCQ</subfield><subfield code="d">OCLCF</subfield><subfield code="d">OCLCO</subfield></datafield><datafield ind1="1" ind2=" " tag="029"><subfield code="a">AU@</subfield><subfield code="b">000011595393</subfield></datafield><datafield ind1=" " ind2=" " tag="042"><subfield code="a">msc</subfield></datafield><datafield ind1=" " ind2=" " tag="043"><subfield code="a">n-us-nb</subfield></datafield><datafield ind1="0" ind2="0" tag="245"><subfield code="a">Grand Island times</subfield><subfield code="h">[microform].</subfield></datafield><datafield ind1="3" ind2=" " tag="246"><subfield code="a">Semi-weekly Grand Island times</subfield></datafield><datafield ind1="3" ind2=" " tag="246"><subfield code="a">Times</subfield></datafield><datafield ind1=" " ind2=" " tag="260"><subfield code="a">Grand Island, Neb. :</subfield><subfield code="b">Stevenson &amp; Williams,</subfield><subfield code="c">1873-</subfield></datafield><datafield ind1=" " ind2=" " tag="300"><subfield code="a">v.</subfield></datafield><datafield ind1=" " ind2=" " tag="310"><subfield code="a">Weekly,</subfield><subfield code="b">&lt;1887&gt;-</subfield></datafield><datafield ind1=" " ind2=" " tag="321"><subfield code="a">Weekly,</subfield><subfield code="b">1873-&lt;Jan. 12&gt;, 1882</subfield></datafield><datafield ind1=" " ind2=" " tag="321"><subfield code="a">Semiweekly,</subfield><subfield code="b">&lt;Feb. 28, 1882&gt;</subfield></datafield><datafield ind1="0" ind2=" " tag="362"><subfield code="a">Vol. 1, no. 1 (July 16, 1873)-</subfield></datafield><datafield ind1=" " ind2=" " tag="500"><subfield code="a">Published as: Semi-weekly Grand Island times, &lt;Feb. 28, 1882&gt;; Times, &lt;Dec. 14, 1888&gt;.</subfield></datafield><datafield ind1=" " ind2=" " tag="580"><subfield code="a">Daily eds.: Daily evening times (Grand Island, Neb.), 1873, and: Grand Island times (Daily ed.), 1878, and: Grand Island daily times, 1886.</subfield></datafield><datafield ind1=" " ind2=" " tag="533"><subfield code="a">Microfilm.</subfield><subfield code="m">1873-1882,1887,1889,1891-1892:[Gaps]</subfield><subfield code="b">Lincoln, Neb. :</subfield><subfield code="c">Nebraska State Historical Society,</subfield><subfield code="d">1972.</subfield><subfield code="e">4 microfilm reels ; 35 mm.</subfield></datafield><datafield ind1=" " ind2="0" tag="651"><subfield code="a">Grand Island (Neb.)</subfield><subfield code="v">Newspapers.</subfield></datafield><datafield ind1=" " ind2="7" tag="655"><subfield code="a">Newspapers.</subfield><subfield code="2">fast</subfield><subfield code="0">(OCoLC)fst01423814</subfield></datafield><datafield ind1=" " ind2="7" tag="651"><subfield code="a">Nebraska</subfield><subfield code="z">Grand Island.</subfield><subfield code="2">fast</subfield><subfield code="0">(OCoLC)fst01217338</subfield></datafield><datafield ind1=" " ind2=" " tag="752"><subfield code="a">United States</subfield><subfield code="b">Nebraska</subfield><subfield code="c">Hall</subfield><subfield code="d">Grand Island.</subfield></datafield><datafield ind1="1" ind2=" " tag="775"><subfield code="t">Daily evening times (Grand Island, Neb.)</subfield><subfield code="w">(DLC)sn 95069268</subfield></datafield><datafield ind1="1" ind2=" " tag="775"><subfield code="t">Grand Island times (Daily ed.)</subfield><subfield code="w">(DLC)sn 95069269</subfield></datafield><datafield ind1="1" ind2=" " tag="775"><subfield code="t">Grand Island daily times</subfield></datafield><datafield ind1="1" ind2=" " tag="776"><subfield code="c">Original</subfield><subfield code="w">(DLC)sn 84022821</subfield></datafield></record>